<record><leader>00000cas a22000007a 4500</leader><controlfield tag="001">12846739</controlfield><controlfield tag="008">851126d18771878tnuwr ne      0    0eng  </controlfield><datafield ind1=" " ind2=" " tag="010"><subfield code="a">sn 85042758 </subfield></datafield><datafield ind1=" " ind2=" " tag="040"><subfield code="a">DLC</subfield><subfield code="b">eng</subfield><subfield code="c">DLC</subfield><subfield code="d">TGN</subfield><subfield code="d">OCLCQ</subfield><subfield code="d">OCLCO</subfield><subfield code="d">OCLCQ</subfield><subfield code="d">OCLCF</subfield></datafield><datafield ind1="1" ind2=" " tag="029"><subfield code="a">AU@</subfield><subfield code="b">000024686052</subfield></datafield><datafield ind1=" " ind2=" " tag="042"><subfield code="a">msc</subfield></datafield><datafield ind1=" " ind2=" " tag="043"><subfield code="a">n-us-tn</subfield></datafield><datafield ind1="0" ind2="0" tag="050"><subfield code="a">Newspaper 9793-X</subfield></datafield><datafield ind1="0" ind2=" " tag="130"><subfield code="a">Dandridge watchman (Dandridge, Tenn. : 1877)</subfield></datafield><datafield ind1="1" ind2="0" tag="245"><subfield code="a">Dandridge watchman.</subfield></datafield><datafield ind1="1" ind2="3" tag="246"><subfield code="a">Watchman</subfield></datafield><datafield ind1=" " ind2=" " tag="260"><subfield code="a">Dandridge, Tenn. :</subfield><subfield code="b">Dyer &amp; Frame</subfield></datafield><datafield ind1=" " ind2=" " tag="300"><subfield code="a">v. :</subfield><subfield code="b">ill. (chiefly advertisements) ;</subfield><subfield code="c">61 cm.</subfield></datafield><datafield ind1=" " ind2=" " tag="310"><subfield code="a">Weekly</subfield></datafield><datafield ind1="1" ind2=" " tag="362"><subfield code="a">Began in 1877 ; ceased in 1878.</subfield></datafield><datafield ind1=" " ind2=" " tag="500"><subfield code="a">"Official organ of the Jefferson, Sevier and Grainger Counties."--Vol. 1, no. 12 (July 11, 1877).</subfield></datafield><datafield ind1=" " ind2=" " tag="500"><subfield code="a">"Official organ of the Republican Party of the second judicial circuit."--Vol. 1, no. 34 (Dec. 19, 1877).</subfield></datafield><datafield ind1=" " ind2=" " tag="500"><subfield code="a">Publishers: J.E. Dyer &amp; Sam Frame, &lt;July, 11-Sept. 5, 1877&gt;; Watchman Pub. Co., &lt;Dec. 12, 1877&gt;-</subfield></datafield><datafield ind1=" " ind2=" " tag="530"><subfield code="a">Also availalbe on microfilm from Tennessee State Library and Archives.</subfield></datafield><datafield ind1=" " ind2=" " tag="588"><subfield code="a">Description based on: Vol. 1, no. 12 (July 11, 1877).</subfield></datafield><datafield ind1=" " ind2=" " tag="588"><subfield code="a">Latest issue consulted: Vol. 1, no. 41 (Feb. 13, 1878).</subfield></datafield><datafield ind1=" " ind2="0" tag="651"><subfield code="a">Dandridge (Tenn.)</subfield><subfield code="v">Newspapers.</subfield></datafield><datafield ind1=" " ind2="0" tag="651"><subfield code="a">Jefferson County (Tenn.)</subfield><subfield code="v">Newspapers.</subfield></datafield><datafield ind1=" " ind2="7" tag="655"><subfield code="a">Newspapers.</subfield><subfield code="2">fast</subfield><subfield code="0">(OCoLC)fst01423814</subfield></datafield><datafield ind1=" " ind2="7" tag="651"><subfield code="a">Tennessee</subfield><subfield code="z">Dandridge.</subfield><subfield code="2">fast</subfield><subfield code="0">(OCoLC)fst01220866</subfield></datafield><datafield ind1=" " ind2="7" tag="651"><subfield code="a">Tennessee</subfield><subfield code="z">Jefferson County.</subfield><subfield code="2">fast</subfield><subfield code="0">(OCoLC)fst01219228</subfield></datafield><datafield ind1=" " ind2=" " tag="752"><subfield code="a">United States</subfield><subfield code="b">Tennessee</subfield><subfield code="c">Jefferson</subfield><subfield code="d">Dandridge.</subfield></datafield><datafield ind1="0" ind2="0" tag="785"><subfield code="t">Dandridge weekly watchman</subfield><subfield code="w">(DLC)sn 97065178</subfield></datafield></record>